@article{palar2020gauss,
  title={Gaussian Process Surrogate Model with Composite Kernel Learning for Engineering Design},
  author={Pramudita S. Palar and Lavi R. Zuhal and Koji Shimoyama},
  journal={AIAA Paper 2019--2209},
  year={February 2020},
  doi={10.2514/1.J058807}
}